<?xml version="1.0" encoding="UTF-8"?><collection xmlns="http://www.loc.gov/MARC21/slim"><record><leader>00567nam--2200193-i-4500</leader><controlfield tag="001">000001693</controlfield><controlfield tag="002">20161230</controlfield><controlfield tag="005">20161230201024</controlfield><controlfield tag="008">060222s1000------------r-----000-0-fre-d</controlfield><datafield ind1=" " ind2=" " tag="040"><subfield code="a">IFIN-HH</subfield></datafield><datafield ind1=" " ind2=" " tag="041"><subfield code="a">fre</subfield></datafield><datafield ind1=" " ind2=" " tag="080"><subfield code="a">535:621.375.826:778.4</subfield></datafield><datafield ind1="1" ind2=" " tag="100"><subfield code="a">Francon, M</subfield></datafield><datafield ind1="1" ind2="0" tag="245"><subfield code="a">Holographie</subfield><subfield code="c">M. francon</subfield></datafield><datafield ind1=" " ind2=" " tag="260"><subfield code="a">Paris</subfield><subfield code="b">Masson Et Cie</subfield><subfield code="c">1969</subfield></datafield><datafield ind1=" " ind2=" " tag="300"><subfield code="a">124 P</subfield></datafield><datafield ind1=" " ind2=" " tag="490"><subfield code="a">Maitrise De Physique Et Ecoles D'Ingenieurs. Recherche Applique. Acoustique, Archeologie, Biologie, Informatique, Medecine</subfield></datafield><datafield ind1=" " ind2=" " tag="852"><subfield code="a">38464</subfield><subfield code="c">535</subfield></datafield><datafield ind1=" " ind2=" " tag="CAT"><subfield code="a">Sys</subfield><subfield code="c">20101103</subfield><subfield code="h">150655</subfield></datafield></record></collection>